% References

@inproceedings{egger2013:practical-attacks,
  title = {Practical Attacks Against the I2P Network},
  author = {Christoph Egger and Johannes Schlumberger and Christopher Kruegel and Giovanni
        Vigna},
  booktitle = {Proceedings of the 16th International Symposium on Research in Attacks,
        Intrusions and Defenses (RAID 2013)},
  year = {2013},
  month = {October},
  www_pdf_url = {http://wwwcip.informatik.uni-erlangen.de/~spjsschl/i2p.pdf},
  www_tags = {selected},
  www_section = {Traffic analysis},
}

@article{wang2013,
  title = {Towards Measurement on the I2P Network},
  author = {Xue Bin Wang and Pei Peng Liu and Cheng Long Li and Qing Feng Tan},
  journal = {Applied Mechanics and Materials},
  volume = {427--429},
  year = {2013},
  month = {September},
  pages = {2223--2228},
  www_section = {Traffic analysis},
}

@misc{tor-hiddenservice,
  author = "Alex Biryukov, Ivan Pustogarov, Ralf-Philipp Weinmann",
  title = "Trawling for Tor Hidden Services: Detection, Measurement, Deanonymization",
  howpublished = "\url{http://www.ieee-security.org/TC/SP2013/papers/4977a080.pdf}"
}

@misc{tor-design,
  author = "Roger Dingledine, Nick Mathewson, Paul Syverson",
  title = "Tor: The Second-Generation Onion Router",
  howpublished = "\url{https://svn.torproject.org/svn/projects/design-paper/tor-design.pdf}"
}



